@techreport{who-2021-report-hearing,
  title       = {{W}orld {R}eport on {H}earing},
  author      = {{W}orld {H}ealth {O}rganization - WHO},
  institution = {World Health Organization},
  isbn        = {9789240020481},
  year        = {2021},
  month       = {mar},
  address     = {Geneva, CH},
  url         = {https://www.who.int/publications/i/item/world-report-on-hearing}
}

@misc{opas-2021-oms-estima,
  title        = {OMS estima que 1 em cada 4 pessoas terão problemas auditivos até 2050},
  author       = {{O}rganização {P}an-{A}mericana da {S}aúde - {OPAS}},
  howpublished = {\url{https://www.paho.org/pt/noticias/2-3-2021-oms-estima-que-1-em-cada-4-pessoas-terao-problemas-auditivos-ate-2050}},
  year         = {2021},
  note         = {Acessado: 2021-12-22}
}

@misc{ebc-2019-10-milhoes-pessoas,
  title        = {País tem 10,7 milhões de pessoas com deficiência auditiva, diz estudo},
  author       = {{Agência Brasil}},
  howpublished = {\url{https://agenciabrasil.ebc.com.br/geral/noticia/2019-10/brasil-tem-107-milhoes-de-deficientes-auditivos-diz-estudo}},
  year         = {2019},
  note         = {Acessado: 2021-12-22}
}

@misc{ibge-2021-projecao-populacao,
  title        = {Projeção da população do Brasil e das Unidades da Federação},
  author       = {{I}nstituto {B}rasileiro de {G}eografia e {E}statística - IBGE},
  howpublished = {\url{https://www.ibge.gov.br/apps/populacao/projecao/index.html}},
  year         = {2021},
  note         = {Acessado: 2021-12-27}
}

@misc{ebc-2021-oms-estima,
  title        = {OMS estima 2,5 bilhões de pessoas com problemas auditivos em 2050},
  author       = {{Agência Brasil}},
  howpublished = {\url{https://agenciabrasil.ebc.com.br/saude/noticia/2021-03/oms-estima-25-bilhoes-de-pessoas-com-problemas-auditivos-em-2050}},
  year         = {2021},
  note         = {Acessado: 2021-12-30}
}

@book{ibge-2021-pns,
  author    = {{I}nstituto {B}rasileiro de {G}eografia e {E}statística - IBGE},
  year      = {2021},
  title     = {Pesquisa Nacional de Saúde 2019: Ciclos de vida},
  publisher = {Instituto Brasileiro de Geografia e Estatística - IBGE},
  address   = {Rio de Janeiro, RJ},
  isbn      = {978-65-87201-76-4}
}

@article{brasil-2002-lei10436,
  author       = {Brasil},
  title        = {Lei nº 10.436, de 24 de abril de 2002},
  journal      = {Diário Oficial da República Federativa do Brasil},
  year         = {2002},
  date         = {2002-04-24},
  organization = {Brasil},
  url          = {https://www.planalto.gov.br/ccivil_03/leis/2002/l10436.htm},
  urldate      = {2022-01-07},
  address      = {Brasília, DF},
  shorttitle   = {Lei nº 10.436/2002},
  note         = {Acessado: 2022-01-07}
}

@book{pereira-2011-conhecimento-alem-sinais,
  author    = {Maria Cristina da Cunha Pereira and
               Daniel Choi and
               Maria Inês Vieira and
               Priscilla Gaspar and
               Ricardo Nakasato},
  year      = {2011},
  title     = {Libras: Conhecimento Além dos Sinais},
  publisher = {Pearson Universidades},
  address   = {São Paulo, SP},
  isbn      = {978-85-7605-878-6},
  edition   = {1}
}

@misc{lobato-2021-surdez-nao-sinonimo-libras,
  title        = {IBGE confirma: surdez não é sinônimo de Libras},
  author       = {Lak Lobato},
  howpublished = {\url{https://desculpenaoouvi.com.br/ibge-confirma-surdez-nao-e-sinonimo-de-libras/?fbclid=IwAR1Z5mcQeTlaaVCuEtDXDQoLW9cwT17yBplyQUgFF7NXxM7qT5saMTjFaWk}},
  year         = {2021},
  note         = {Acessado: 2022-01-07}
}

@misc{senado-2019-baixo-alcance-lingua-sinais,
  title        = {Baixo alcance da língua de sinais leva surdos ao isolamento},
  author       = {{Agência Senado}},
  howpublished = {\url{https://www12.senado.leg.br/noticias/especiais/especial-cidadania/baixo-alcance-da-lingua-de-sinais-leva-surdos-ao-isolamento}},
  year         = {2019},
  note         = {Acessado: 2022-01-07}
}

@article{wadhawan-2019-slr-literature-review,
  author    = {Ankita Wadhawan and Parteek Kumar},
  title     = {Sign Language Recognition Systems: A Decade Systematic Literature Review},
  journal   = {Archives of Computational Methods in Engineering},
  year      = {2019},
  volume    = {28},
  pages     = {785-813},
  doi       = {10.1007/s11831-019-09384-2},
  publisher = {Springer}
}

@inproceedings{cooper-2011-slr,
  author    = {Helen Cooper and Brian Holt and Richard Bowden},
  editor    = {Thomas B. Moeslund and Adrian Hilton and Volker Krüger and Leonid Sigal},
  title     = {Sign Language Recognition},
  booktitle = {Visual Analysis of Humans},
  pages     = {539-562},
  year      = {2011},
  publisher = {Springer, London},
  doi       = {10.1007/978-0-85729-997-0_27}
}

@inproceedings{bragg-2019-slr-interdisciplinary,
  author    = {Danielle Bragg and Oscar Koller and Mary Bellard and Larwan Berke and Patrick Boudreault and Annelies Braffort and Naomi Caselli and Matt Huenerfauth and Hernisa Kacorri and Tessa Verhoef and Christian Vogler and Meredith Ringel Morris},
  title     = {Sign Language Recognition, Generation, and Translation: An Interdisciplinary Perspective},
  year      = {2019},
  isbn      = {9781450366762},
  publisher = {Association for Computing Machinery},
  address   = {New York, NY, USA},
  url       = {https://doi.org/10.1145/3308561.3353774},
  doi       = {10.1145/3308561.3353774},
  booktitle = {The 21st International ACM SIGACCESS Conference on Computers and Accessibility},
  pages     = {16–31},
  numpages  = {16},
  keywords  = {recognition, translation, asl, sign language, and generation},
  location  = {Pittsburgh, PA, USA},
  series    = {ASSETS '19}
}

@book{stewart-2021-barrons-asl,
  author    = {David A. Stewart and Jennifer Stewart},
  editor    = {},
  publisher = {Barrons Educational Services},
  title     = {Barron's American Sign Language: A Comprehensive Guide to ASL 1 and 2},
  year      = {2021},
  isbn      = {978-1-5062-6827-9},
  address   = {New York, NY}
}

@book{hill-2019-sign-languages,
  author    = {Joseph C. Hill and Diane C. Lillo-Martin and Sandra K. Wood},
  editor    = {},
  publisher = {Routledge},
  title     = {Sign Languages: Structures and Contexts},
  year      = {2019},
  address   = {New York, NY},
  isbn      = {978-0-429-02087-2}
}

@book{jay-2011-dont-just-sign,
  author    = {Michelle Jay},
  editor    = {},
  publisher = {Routledge},
  title     = {Don't Just Sign... Communicate!: A Student's Guide to Mastering American Sign Language Grammar},
  year      = {2011},
  address   = {Los Angeles, CA},
  isbn      = {978-0-9845294-4-5}
}

@book{stokoe-1960-sl-structure,
  author    = {William C. Stokoe},
  editor    = {},
  publisher = {Linstok Press},
  title     = {Sign Language Structure},
  year      = {1960},
  address   = {Silver Springs, MD}
}

@book{stokoe-1965-dictionary-asl,
  author    = {William C. Stokoe and Dorothy C. Casterline and Carl G. Croneberg},
  editor    = {},
  publisher = {Gallaudet College Press},
  title     = {Dictionary of American Sign Language on Linguistic Principles},
  year      = {1965},
  address   = {Washington, DC},
  isbn      = {978-09-321-3000-6}
}

@book{quadros-2004-estudos-linguisticos,
  author    = {Ronice Müller de Quadros and Lodenir Becker Karnopp},
  editor    = {},
  publisher = {Artmed Editora},
  title     = {Língua de Sinais Brasileira: Estudos Linguísticos},
  year      = {2004},
  isbn      = {978-85-363-1174-6}
}

@article{battison-1974-phono-deletion,
  author    = {Robbin Battison},
  journal   = {Sign Language Studies},
  number    = {},
  title     = {Phonological Deletion in American Sign Language},
  volume    = {5},
  year      = {1974},
  month     = {oct},
  pages     = {1-19},
  publisher = {Gallaudet University Press},
  doi       = {10.1353/sls.1974.0005}
}

@article{baker-padden-1978-nonmanual-components,
  author    = {C. Baker and C. Padden},
  journal   = {Understanding Language through Sign Language Research},
  number    = {},
  title     = {Focusing on the Nonmanual Components of American Sign Language},
  volume    = {},
  year      = {1978},
  pages     = {27-57},
  address   = {Nova York, NY},
  publisher = {Academic Press}
}

@article{klima-1975-wit-poetry-asl,
  author    = {Edward S. Klima and Ursula Bellugi},
  journal   = {Sign Language Studies},
  publisher = {Gallaudet University Press},
  number    = {},
  title     = {Wit and Poetry in American Sign Language},
  volume    = {8},
  year      = {1975},
  month     = {sep},
  doi       = {10.1353/sls.1975.0008},
  pages     = {203-223}
}

@book{klima-1979-signs-of-language,
  author    = {Edward S. Klima and Ursula Bellugi},
  publisher = {Harvard University Press},
  title     = {The Signs of Language},
  year      = {1979},
  pages     = {417},
  isbn      = {978-06-748-0796-9}
}

@misc{koller-2020-quantitative-survey-slr,
  doi       = {10.48550/ARXIV.2008.09918},
  url       = {https://arxiv.org/abs/2008.09918},
  author    = {Oscar Koller},
  title     = {Quantitative Survey of the State of the Art in Sign Language Recognition},
  publisher = {arXiv},
  year      = {2020}
}

@article{rastgoo-2021-slr-deep-survey,
  title   = {Sign Language Recognition: A Deep Survey},
  journal = {Expert Systems with Applications},
  volume  = {164},
  pages   = {113794},
  year    = {2021},
  issn    = {0957-4174},
  doi     = {https://doi.org/10.1016/j.eswa.2020.113794},
  url     = {https://www.sciencedirect.com/science/article/pii/S095741742030614X},
  author  = {Razieh Rastgoo and Kourosh Kiani and Sergio Escalera}
}

@article{papastratis-2021-ai-technologies-sl,
  author         = {Ilias Papastratis and Christos Chatzikonstantinou and Dimitrios Konstantinidis and Kosmas Dimitropoulos and Petros Daras},
  title          = {Artificial Intelligence Technologies for Sign Language},
  journal        = {Sensors},
  volume         = {21},
  year           = {2021},
  number         = {17},
  article-number = {5843},
  url            = {https://www.mdpi.com/1424-8220/21/17/5843},
  pubmedid       = {34502733},
  issn           = {1424-8220},
  doi            = {10.3390/s21175843}
}

@book{kitagawa-2017-mocap,
  author    = {Midori Kitagawa and Brian Windsor},
  editor    = {},
  publisher = {Routledge},
  title     = {MoCap for Artists: Workflow and Techniques for Motion Capture},
  year      = {2017},
  isbn      = {978-0-240-81000-3},
  address   = {New York, NY}
}